<collection xmlns="http://www.loc.gov/MARC21/slim">
<record>
  <leader>01344nam0a2200301 i 450 </leader>
  <controlfield tag="001">IT\ICCU\CNCE\008346</controlfield>
  <controlfield tag="005">19990105000000.0</controlfield>
  <datafield tag="012" ind1=" " ind2=" ">
    <subfield code="a">etet mes: o:a: s:ni (C) 1502 (R)</subfield>
    <subfield code="2">fei</subfield>
  </datafield>
  <datafield tag="100" ind1=" " ind2=" ">
    <subfield code="a">19970101d1502        0itac0103    ba</subfield>
  </datafield>
  <datafield tag="101" ind1=" " ind2=" ">
    <subfield code="a">LAT</subfield>
  </datafield>
  <datafield tag="102" ind1=" " ind2=" ">
    <subfield code="a">IT</subfield>
  </datafield>
  <datafield tag="200" ind1="1" ind2=" ">
    <subfield code="a">Illustriss. Alphonsi Esten. ac Lucretiae Borgiae epithalamium per Caelium Calcagninum</subfield>
  </datafield>
  <datafield tag="210" ind1=" " ind2=" ">
    <subfield code="a">Ferrariae</subfield>
    <subfield code="c">Laurentius de Valentia imprimebat</subfield>
    <subfield code="d">1502</subfield>
  </datafield>
  <datafield tag="215" ind1=" " ind2=" ">
    <subfield code="a">\6! c.</subfield>
    <subfield code="d">4ʻ</subfield>
  </datafield>
  <datafield tag="620" ind1=" " ind2=" ">
    <subfield code="a">IT</subfield>
    <subfield code="d">Ferrara</subfield>
  </datafield>
  <datafield tag="700" ind1=" " ind2="1">
    <subfield code="a">Calcagnini,</subfield>
    <subfield code="b">Celio</subfield>
    <subfield code="3">IT\ICCU\CNCA\002365</subfield>
  </datafield>
  <datafield tag="712" ind1="0" ind2="0">
    <subfield code="a">Rossi, Lorenzo</subfield>
    <subfield code="3">IT\ICCU\CNCT\000957</subfield>
    <subfield code="4">650</subfield>
  </datafield>
  <datafield tag="790" ind1=" " ind2="1">
    <subfield code="a">Calcagninus,</subfield>
    <subfield code="b">Coelius</subfield>
    <subfield code="3">IT\ICCU\CNCA\012991</subfield>
    <subfield code="z">Calcagnini, Celio</subfield>
  </datafield>
  <datafield tag="791" ind1="0" ind2="0">
    <subfield code="a">Valentia, Laurentius de</subfield>
    <subfield code="3">IT\ICCU\CNCT\002571</subfield>
    <subfield code="z">Rossi, Lorenzo</subfield>
  </datafield>
  <datafield tag="791" ind1="0" ind2="0">
    <subfield code="a">Rubeis, Laurentius de</subfield>
    <subfield code="3">IT\ICCU\CNCT\002572</subfield>
    <subfield code="z">Rossi, Lorenzo</subfield>
  </datafield>
  <datafield tag="791" ind1="0" ind2="0">
    <subfield code="a">Russi, Lorenzo</subfield>
    <subfield code="3">IT\ICCU\CNCT\002573</subfield>
    <subfield code="z">Rossi, Lorenzo</subfield>
  </datafield>
  <datafield tag="791" ind1="0" ind2="0">
    <subfield code="a">Rubei, Laurentio de</subfield>
    <subfield code="3">IT\ICCU\CNCT\005406</subfield>
    <subfield code="z">Rossi, Lorenzo</subfield>
  </datafield>
  <datafield tag="801" ind1=" " ind2="3">
    <subfield code="a">IT</subfield>
    <subfield code="b">ICCU</subfield>
    <subfield code="c">20201113</subfield>
  </datafield>
  <datafield tag="899" ind1=" " ind2=" ">
    <subfield code="a">Biblioteca Apostolica Vaticana. Citt ̉del Vaticano</subfield>
    <subfield code="1">EX0001</subfield>
    <subfield code="2">ZCV 01</subfield>
  </datafield>
  <datafield tag="899" ind1=" " ind2=" ">
    <subfield code="a">Biblioteca comunale Ariostea. Ferrara</subfield>
    <subfield code="1">FE0017</subfield>
    <subfield code="2">UFE AR</subfield>
  </datafield>
  <datafield tag="899" ind1=" " ind2=" ">
    <subfield code="a">Biblioteca comunale Teresiana. Mantova</subfield>
    <subfield code="1">MN0035</subfield>
    <subfield code="2">LO1 12</subfield>
  </datafield>
  <datafield tag="899" ind1=" " ind2=" ">
    <subfield code="a">Biblioteca Estense Universitaria. Modena</subfield>
    <subfield code="1">MO0089</subfield>
    <subfield code="2">MOD BE</subfield>
  </datafield>
  <datafield tag="899" ind1=" " ind2=" ">
    <subfield code="a">Biblioteca comunale Classense. Ravenna</subfield>
    <subfield code="1">RA0036</subfield>
    <subfield code="2">RAV CL</subfield>
  </datafield>
</record>
</collection>
